<record><leader>00000cas a2200000 a 4500</leader><controlfield tag="001">13533362</controlfield><controlfield tag="008">860506d18uu1865pauwr ne      0    0eng  </controlfield><datafield ind1=" " ind2=" " tag="010"><subfield code="a">sn 86071445 </subfield></datafield><datafield ind1=" " ind2=" " tag="040"><subfield code="a">DLC</subfield><subfield code="b">eng</subfield><subfield code="c">DLC</subfield><subfield code="d">NPX</subfield><subfield code="d">OCL</subfield><subfield code="d">NPH</subfield><subfield code="d">MHN</subfield><subfield code="d">OCL</subfield><subfield code="d">OCLCO</subfield><subfield code="d">OCLCQ</subfield><subfield code="d">OCLCF</subfield></datafield><datafield ind1=" " ind2=" " tag="012"><subfield code="b">3</subfield></datafield><datafield ind1=" " ind2=" " tag="019"><subfield code="a">13781290</subfield></datafield><datafield ind1="1" ind2=" " tag="029"><subfield code="a">AU@</subfield><subfield code="b">000020236387</subfield></datafield><datafield ind1=" " ind2=" " tag="042"><subfield code="a">pcc</subfield></datafield><datafield ind1=" " ind2=" " tag="043"><subfield code="a">n-us-pa</subfield></datafield><datafield ind1="0" ind2="0" tag="050"><subfield code="a">Newspaper 9375-X</subfield></datafield><datafield ind1="0" ind2="0" tag="245"><subfield code="a">Armstrong Democrat.</subfield></datafield><datafield ind1="3" ind2="0" tag="246"><subfield code="a">Armstrong Democrat, and Allegheny Valley intelligencer</subfield></datafield><datafield ind1=" " ind2=" " tag="260"><subfield code="a">Kittanning, Pa. :</subfield><subfield code="b">Wm. M'Williams</subfield></datafield><datafield ind1=" " ind2=" " tag="300"><subfield code="a">v. ;</subfield><subfield code="c">59 cm.</subfield></datafield><datafield ind1=" " ind2=" " tag="310"><subfield code="a">Weekly</subfield></datafield><datafield ind1="1" ind2=" " tag="362"><subfield code="a">Ceased in 1865?</subfield></datafield><datafield ind1=" " ind2=" " tag="500"><subfield code="a">"Democratic."</subfield></datafield><datafield ind1=" " ind2=" " tag="500"><subfield code="a">Publisher: Assoc. of the Unconditional National Union Party, &lt;1865&gt;.</subfield></datafield><datafield ind1=" " ind2=" " tag="500"><subfield code="a">Published as: Armstrong Democrat, and Allegheny Valley intelligencer, &lt;Apr. 21, 1865&gt;.</subfield></datafield><datafield ind1=" " ind2=" " tag="500"><subfield code="a">Editor: John K. Calhoun, &lt;1863&gt;.</subfield></datafield><datafield ind1=" " ind2=" " tag="515"><subfield code="a">Issues for &lt;Apr. 21, 1865&gt; called also &lt;vol. 30, no. 1&gt; and &lt;new ser. v. 1, no. 48, whole no. 1559&gt;</subfield></datafield><datafield ind1=" " ind2=" " tag="588"><subfield code="a">Description based on: Vol. 28, no. 18 (May 15, 1863) = whole no. 1472, new ser., v. 7, no. 52.</subfield></datafield><datafield ind1=" " ind2="0" tag="651"><subfield code="a">Kittanning (Pa.)</subfield><subfield code="v">Newspapers.</subfield></datafield><datafield ind1=" " ind2="0" tag="651"><subfield code="a">Armstrong County (Pa.)</subfield><subfield code="v">Newspapers.</subfield></datafield><datafield ind1=" " ind2="7" tag="655"><subfield code="a">Newspapers.</subfield><subfield code="2">fast</subfield><subfield code="0">(OCoLC)fst01423814</subfield></datafield><datafield ind1=" " ind2="7" tag="651"><subfield code="a">Pennsylvania</subfield><subfield code="z">Armstrong County.</subfield><subfield code="2">fast</subfield><subfield code="0">(OCoLC)fst01211411</subfield></datafield><datafield ind1=" " ind2="7" tag="651"><subfield code="a">Pennsylvania</subfield><subfield code="z">Kittanning.</subfield><subfield code="2">fast</subfield><subfield code="0">(OCoLC)fst01227287</subfield></datafield><datafield ind1=" " ind2=" " tag="752"><subfield code="a">United States</subfield><subfield code="b">Pennsylvania</subfield><subfield code="c">Armstrong</subfield><subfield code="d">Kittanning.</subfield></datafield><datafield ind1="0" ind2="0" tag="780"><subfield code="t">Armstrong Democrat, and farmer's and mechanic's advertiser</subfield><subfield code="w">(DLC)sn 83025980</subfield></datafield><datafield ind1="0" ind2="0" tag="785"><subfield code="t">Armstrong Republican</subfield><subfield code="w">(DLC)sn 83032221</subfield></datafield></record>